
@conference{Ahmad:2000,
	author={Khurshid Ahmad and Lee Gillam and Lena Tostevin},
	title={Weirdness Indexing for Logical Document Extrapolation and Retrieval},
	booktitle={Proc. of the Eighth Text Retrieval Conference (TREC-8)},
	year={2000},
}

@conference{Ananiadou:1994,
	author={Sophia Ananiadou},
	title={A Methodology for Automatic Term Recognition},
	booktitle={Proc. of COLING 1994},
	year={1994},
}

@book{Austermuhl:2014,
	author={Austermühl},
	title={Electronic tools for translator},
	year={2014},
	address={London},
	publisher={Routledge},
}

@conference{Aziz:2011,
	author={Wilker Aziz and Miguel Rios and Lucia Specia},
	title={Shallow Semantic Trees for SMT},
	booktitle={Proc. of the Sixth Workshop on Statistical Machine Translation (WMT 2011)},
	year={2011},
}

@conference{Bahdanau:2015,
	author={Dzmitry Bahdanau and Kyunghyun Cho and Yoshua Bengio},
	title={Neural Machine Translation by Jointly Learning to Align and Translate},
	booktitle={Proc. of ICLR 2015},
	year={2015},
}

@article{Barrachina:2009,
	author={Sergio Barrachina and Oliver Bender and Francisco Casacuberta and Jorge Civera and Elsa Cubel and Shahram Khadivi and Antonio Lagarda and Hermann Ney and Jesús Tomás and Enrique Vidal and Juan-Miguel Vilar},
	title={Statistical approaches to computer-assisted translation},
	journal={Computational Linguistics},
	year={2009},
	volume={35},
	number={1},
	pages={3--28},
}

@article{Berger:1996,
	author={Adam L. Berger and Vincent J. Della Pietra and Stephen A. Della Pietra},
	title={A Maximum Entropy Approach to Natural Langauge Processing},
	journal={Computational Linguistics},
	year={1996},
	volume={22},
	number={1},
	pages={39--71},
}

@article{Bertoldi:2014,
	author={Nicola Bertoldi and Mauro Cettolo and Marcello Federico},
	title={Online Adaptation to Post-edits for Phrase-based Statistical Machine Translation},
	journal={Machine Translation},
	year={2014},
	volume={28},
	number={3-4},
	pages={309--339},
}

@conference{Bosch:2007,
	author={Anna Bosch and Andrew Zisserman and Xavier Munoz},
	title={Representing shape with a spatial pyramid kernel},
	booktitle={Proc. of 6th ACM international conference on Image and video retrieval},
	year={2007},
}

@conference{Bicici:2008,
	author={Ergun Biçici and Marc Dymetman},
	title={Dynamic Translation Memory: Using Statistical Machine Translation to Improve Translation Memory Fuzzy Matches},
	booktitle={Proc. of the 9th International Conference on Itelligent Text Processing and Computational Linguistics (CICLing 2008)},
	year={2008},
}

@conference{Blain:2012,
	author={F. Blain and Holger Schwenk and Jean Senellart},
	title={Incremental Adaptation Using Translation Information and Post-Editing Analysis},
	booktitle={Proc. of International Workshop on Spoken Language Translation},
	year={2012},
}

@conference{Blunsom:2009,
	author={Phil Blunsom and Trevor Cohn and Chris Dyer and Miles Osborne},
	title={A Gibbs Sampler for Phrasal Synchronous Grammar Induction},
	booktitle={Proc. of ACL-IJCNLP 2009},
	year={2009},
}

@article{Breiman:2001,
	author={Leo Breiman},
	title={Random Forests},
	journal={Machine Learning},
	year={2001},
	volume={45},
	number={1},
	pages={5--32},
}

@article{Brown:1990,
	author={Peter F. Brown and John Cocke and Stephen A Della Pietra and Vincent J Della Pietra and Fredrick Jelinek and John D Lafferty and Robert L Mercer and Paul S Roossin},
	title={A Statistical Approach to Machine Translation},
	journal={Computational Linguistics},
	year={1990},
	volume={16},
	number={2},
	pages={79--85},
}

@article{Brown:1993,
	author={Peter F. Brown and Vincent J. Della Pietra and Stephen A. Della Pietra and Robert L. Mercer},
	title={The Mathematics of Statistical Machine Translation: Parameter estimation},
	journal={Computational Linguistics},
	year={1993},
	volume={19},
	number={2},
	pages={263--311},
}

@conference{Burkett:2010a,
	author={David Burkett and Slav Petrov and John Blitzer and Dan Klein},
	title={Learning Better Monolingual Models with Unannotated Bilingual Text},
	booktitle={Proc. of ACL 2010},
	year={2010},
}

@conference{Burkett:2010b,
	author={David Burkett and John Blitzer and Dan Klein},
	title={Joint Parsing and Alignment with Weakly Synchronized Grammars},
	booktitle={Proc. of HLT-NAACL 2010},
	year={2010},
}

@conference{Car:2011,
	author={Michael Carl and Barbara Dragsted and Jakob Elming and Daniel Hardt and Arnt Lykke Jakobsen},
	title={The Process of Post-editing: A Pilot Study},
	booktitle={Proc. of the 8th international NLPSC workshop. Special theme: Human-machine interaction in translation},
	year={2011},
}

@conference{Cao:2007,
	author={Guihong Cao and Jianfeng Gao and Jianyun Nie},
	title={A System to Mine Large-Scale Bilingual Dictionaries from Monolingual Web Pages},
	booktitle={Proc. of MT Summit XI},
	year={2007},
}

@conference{Carpuat:2005,
	author={Marine Carpuat and Dekai Wu},
	title={Word Sense Disambiguation vs. Statistical Machine Translation},
	booktitle={Proc. of ACL 2005},
	year={2005},
}

@conference{Carpuat:2007,
	author={Marine Carpuat and Dekai Wu},
	title={How Phrase Sense Disambiguation Outperforms Word Sense Disambiguation for Statistical Machine Translation},
	booktitle={Proc. of TMI 2007},
	year={2007},
}

@book{Cesa-Bianchi:2006,
	author={Nicolo Cesa-Bianchi and Gábor Lugosi},
	title={Prediction, Learning, and Games},
	year={2006},
	address={Cambridge},
	publisher={Cambridge University Press},
}

@conference{Chan:2007,
	author={Yee Seng Chan and Hwee Tou Ng and David Chiang},
	title={Word Sense Disambiguation Improves Statistical Machine Translation},
	booktitle={Proc. of ACL 2007},
	year={2007},
}

@conference{Chen:2010,
	author={Yufeng Chen and Chengqing Zong and Keh-Yih Su},
	title={On Jointly Recognizing and Aligning Bilingual Named Entities},
	booktitle={Proc. of ACL 2010},
	year={2010},
}

@article{Chen:2012,
	author={Yufeng Chen and Chengqing Zong and Keh-Yih Su},
	title={A Joint Model to Identify and Align Bilingual Named Entities},
	journal={ Computational Linguistics},
	year={2012},
	volume={39},
	number={2},
	pages={1--64},
}

@conference{Cheng:2016,
	author={Shanbo Cheng and Shujian Huang and Huadong Chen and Xinyu Dai and Jiajun Chen},
	title={PRIMT: A Pick-Revise Framework for Interactive Machine Translation},
	booktitle={Proc. of NAACL-HLT 2016},
	year={2016},
}

@conference{Cherry:2007,
	author={Colin Cherry and Dekang Lin},
	title={Inversion Transduction Grammar for Joint Phrasal Translation Modeling},
	booktitle={Proc. of NAACL-HLT 2007/AMTA Workshop on Syntax and Structure in Statistical Translation},
	year={2007},
}

@conference{Chiang:2005,
	author={David Chiang},
	title={A Hierarchical Phrase-based Model for Statistical Machine Translation},
	booktitle={Proc. of ACL 2005},
	year={205},
}

@article{Chiang:2007,
	author={David Chiang},
	title={Hierarchical Phrase-based Translation},
	journal={Computational Linguistics},
	year={2007},
	volume={33},
	number={2},
	pages={201--228},
}

@conference{Chiang:2010,
	author={David Chiang},
	title={Learning to Translate with Source and Target Syntax},
	booktitle={Proc. of ACL 2010},
	year={2010},
}

@conference{Chieu:2002,
	author={Hai Leong Chieu and Hwee Tou Ng},
	title={amed Entity Recognition: A Maximum Entropy Approach Using Global Information},
	booktitle={Proc. of ICCL 2002},
	year={2002},
}

@conference{Cho:2014,
	author={Kyunghyun Cho and Bart van Merriënboer and Caglar Gulcehre and Dzmitry Bahdanau and Fethi Bougares and Holger Schwenk and Yoshua Bengio},
	title={Learning Phrase Representations Using RCC Encoder-decoder for Statistical Machine Translation},
	booktitle={Proc. of EMNLP 2014},
	year={2014},
}

@article{Cohen:1995,
	author={Jonathan D Cohen},
	title={Highlights: Language- and Domain-Independent Automatic Indexing Terms for Abstracting},
	journal={Journal of the American Society for Information Science},
	year={1995},
	volume={46},
	number={3},
	pages={162--174},
}

@conference{Collins:2005,
	author={Michael Collins and Philipp Koehn and Ivona Kucerova},
	title={Clause Restructuring for Statistical Machine Translation},
	booktitle={Proc. of ACL 2005},
	year={2005},
}

@article{Cui:1985,
	author={Wei Cui},
	title={Evaluation of Chinese Character Keyboards},
	journal={Computer},
	year={1985},
	volume={18},
	number={1},
	pages={54--59},
}

@conference{Cui:2014,
	author={Lei Cui and Dongdong Zhang and Shujie Liu and Qiming Chen and Mu Li and Ming Zhou and Muyun Yang},
	title={Learning Topic Representation for SMT with Neural Networks},
	booktitle={Proc. of ACL 2014},
	year={2014},
}

@conference{Dagan:1994,
	author={Ido Dagan and Ken Church},
	title={Termight: Identifying and Translating Technical Terminology},
	booktitle={Proc. of the 4th Conference on Applied Natural Language Processing},
	year={1994},
}

@conference{Daille:1996,
	author={Béatrice Daille},
	title={Study and Implementation of Combined Techniques for Automatic Extraction of Terminology},
	booktitle={Proc. of the Workshop the Balancing Act: Combining Symbolic and Statistical Approaches to Language 1996},
	year={1996},
}

@article{Darroch:1972,
	author={J. N. Darroch and D. Ratcliff},
	title={Generalized Iterative Scaling for Log-Linear Models},
	journal={Annals of Mathematical Statistics},
	year={1972},
	volume={43},
	number={5},
	pages={1470--1480},
}

@conference{Denkowski:2014,
	author={Michael Denkowski and Chris Dyer and Alon Lavie},
	title={Learning from Post-Editing: Online Model Adaptation for Statistical Machine Translation},
	booktitle={Proc. of EACL 2014},
	year={2014},
}

@conference{DeNero:2008,
	author={John DeNero and Alexandre Bouchard-Côté and Dan Klein},
	title={Sampling Alignment Structure under a Bayesian Translation Model},
	booktitle={Proc. of EMNLP 2008},
	year={2008},
}

@conference{Devlin:2014,
	author={Jacob Devlin and Rabih Zbib and Zhongqiang Huang and Thomas Lamar and Richard Schwartz and John Makhoul},
	title={Fast and Robust Neural Network Joint Models for Statistical Machine Translation},
	booktitle={Proc. of ACL 2014},
	year={2014},
}

@article{Evans:1995,
	author={David A. Evans and Robert G. Lefferts},
	title={CLARIT-TREC Experiments},
	journal={Information Processing and Management},
	year={1995},
	volume={32},
	number={3},
	pages={385--395},
}

@conference{Farajian:2014,
	author={Amin M Farajian and Nicola Bertoldi and Marcello Federico},
	title={Online Word Alignment for Online Adaptive Machine Translation},
	booktitle={Proc. of EACL 2014 Workshop on Humans and Computer-Assisted Translation},
	year={2014},
}

@article{Fahmi:2007,
	author={Ismail Fahmi and Gosse Bouma and Lonneke van der Plas},
	title={Improving Statistical Method Using Known Terms for Automatic Term Extraction},
	journal={ Computational Linguistics in the Netherlands},
	year={2007},
	volume={17},
	pages={1--8},
}

@conference{Fan:2009,
	author={Xiaorong Fan and Nobuyuki Shimizu and Hiroshi Nakagawa},
	title={Automatic Extraction of Bilingual Terms from a Chinese-Japanese Parallel Corpus},
	booktitle={Proc. of the 3rd International Universal Communication Symposium},
	year={2009},
}

@phdthesis{Foster:2002,
	author={George Foster and Guy Lapalme},
	title={Text Prediction for Translators},
	year={2002},
	address={Quebec},
	school={Université de Montréal},
}

@article{Frantzi:1999,
	author={Katerina T. Frantzi and Sophia Ananiadou},
	title={The C-value/NC-value Domain Independent Method for Multiword Term Extraction},
	journal={Journal of Natural Language Processing},
	year={1999},
	volume={6},
	number={3},
	pages={145--179},
}

@article{Frantzi:2000,
	author={Katerina T. Frantzi and Sophia Ananiadou and Hideki Mima},
	title={Automatic Recognition of Multi-Word Terms: The C-value/NC-value Method},
	journal={International Journal on Digital Libraries},
	year={2000},
	volume={6},
	number={3},
	pages={115--130},
}

@article{Fraser:2007,
	author={Alexander Fraser and Daniel Marcu},
	title={Measuring Word Alignment Quality for Statistical Machine Translation},
	journal={Computational Linguistic},
	year={2007},
	volume={33},
	number={3},
	pages={293--303},
}

@article{Fung:1997,
	author={Pascale Fung and Kathleen Mckeown},
	title={A Technical Word- and Term-Translation Aid Using Noisy Parallel Corpora across Language Groups},
	journal={Machine Translation},
	year={1997},
	volume={12},
	number={1},
	pages={53--87},
}

@conference{Fung:2006,
	author={Pascale Fung and Zhaojun Wang and Yongsheng Yang and Dekai Wu},
	title={Automatic Learning of Chinese English Semantic Structure Mapping},
	booktitle={Proc. of IEEE/ACL 2006 Workshop on Spoken Language Technology (SLT 2006)},
	year={2006},
}

@conference{Fung:2007,
	author={Pascale Fung and Zhaojun Wang and Yongsheng Yang and Dekai Wu},
	title={Learning Bilingual Semantic Frames: Shallow Semantic Sarsing vs. Semantic Sole Projection},
	booktitle={Proc. of the 11th Conference on Theoretical and Methodological Issues in Machine Translation},
	year={2007},
}

@conference{Gao:2011,
	author={Qin Gao and Vogel},
	title={Utilizing Target-side Semantic Role Labels to Assist Hierarchical Phrase-based Machine Translation},
	booktitle={Proc. of the Fifth Workshop on Syntax, Semantics and Structure in Statistical Trasnlation (SSST 2011)},
	year={2011},
}

@conference{Galley:2004,
	author={Michel Galley and Mark Hopkins and Kevin Knight and Daniel Marcu},
	title={What’s in a Translation Rule?},
	booktitle={Proc. of HLT-NAACL 2004},
	year={2004},
}

@conference{Galley:2006,
	author={Michel Galley and Jonathan Graehl and Kevin Knight and Daniel Marcu and Steve DeNeefe and Wei Wang and Ignacio Thayer},
	title={Scalable Inference and Training of Context-rich Syntactic Translation Models},
	booktitle={Proc. of ICCL-ACL 2006},
	year={2006},
}

@conference{Gao:2014,
	author={Jianfeng Gao and Xiaodong He and Wen-tau Yih and Li Deng},
	title={Learning Continuous Phrase Representations for Translation Modeling},
	booktitle={Proc. of ACL 2014},
	year={2014},
}

@article{Garay-Vitoria:2006,
	author={Nestor Garay-Vitoria and Julio Abascal},
	title={Text Prediction Systems: A Survey},
	journal={Universal Access in the Information Society},
	year={2006},
	volume={4},
	number={3},
	pages={188--203},
}

@article{Geurts:2006,
	author={Pierre Geurts and Damien Ernst and Louis Wehenkel},
	title={Extremely Randomized Trees},
	journal={Machine Learning},
	year={2006},
	volume={63},
	number={1},
	pages={3--42},
}

@conference{Green:2014,
	author={Spence Green and Sida I Wang and Jason Chuang and Jeffrey Heer and Sebastian Schuster and Christopher D Manning},
	title={Human Effort and Machine Learnability in Computer Aided Translation},
	booktitle={Proc. of EMNLP 2014},
	year={2014},
}

@conference{Hardt:2002,
	author={Daniel Hardt and Jakob Elming},
	title={Incremental Re-training for Pose-editing SMT},
	booktitle={Proc. of the 9th Conference of the Association for Machine Translation in the Americas (AMTA 2002)},
	year={2002},
}

@conference{He:2008,
	author={Zhongjun He and Qun Liu and Shouxun Lin},
	title={Improving Statistical Machine Translation Using Lexicalized Rule Selection},
	booktitle={Proc. of COLING 2008},
	year={2008},
}

@conference{He:2010a,
	author={Yifan He and Yanjun Ma and Joses Van Genabith and Andy Way},
	title={Bridging SMT and TM with Translation Recommendation},
	booktitle={Proc. of ACL 2010},
	year={2010},
}

@conference{He:2010b,
	author={Yifan He and Yanjun Ma and Andy Way and Josef Van Genabith},
	title={Integrating N-best SMT Outputs into a TM System},
	booktitle={Proc. of COLING 2010},
	year={2010},
}

@conference{He:2011,
	author={Yifan He and Yanjun Ma and Andy Way and Josef Van Genabith},
	title={Rich Linguistic Features for Translation Memory-inspired Consistent Translation},
	booktitle={Proc. of the Thirteen Machine Translation Summit},
	year={2011},
}

@article{Hochreiter:1997,
	author={Sepp Hochreiter and Jürgen Schmidhuber},
	title={Long Short Term Memory},
	journal={Neural Computation},
	year={1997},
	volume={9},
	number={8},
	pages={1735--1780},
}

@conference{Huang:2006,
	author={ Liang Huang and Kevin Knight and Aravind Joshi},
	title={A Syntax-directed Translator with Extended Domain of Locality},
	booktitle={Proc. of Workshop on Computationally Hard Problemsand Joint Inference in Speech and Language Processing},
	year={2006},
}

@article{Hutchins:2007,
	author={W. John Hutchins},
	title={Machine Translation: A concise History},
	journal={Computer Aided Translation: Therory and Practice},
	year={2007},
}

@book{Hutchins:1992,
	author={W John Hutchins and Harold Somers},
	title={An Introduction to Machine Translation},
	year={1992},
	address={London},
	publisher={Academic Press},
}

@conference{Kalchbrenner:2013,
	author={Nal Kalchbrenner and Phil Blunsom},
	title={Recurrent Continuous Translation Models},
	booktitle={Proc. of EMNLP 2013},
	year={2013},
}

@techreport{Kasami:1965,
	author={Tadao Kasami},
	title={An Efficient Recognition and Syntax Analysis Algorithm for Context-free Languages},
	booktitle={Technical Report Technical Report AFCRL-65-758},
	year={1965},
	address={Cambridge},
	publisher={Air Force Cambridge Research Laboratory},
}

@techreport{Kay:1980,
	author={Martin Kay},
	title={The Proper Place of Men and Machines in Language Translation},
	booktitle={Research Report CSL-80-11},
	year={1980},
	address={Palo Altok},
	publisher={Reprinted in Machine Translation},
}

@conference{Knowles:2016,
	author={Rebecca Knowles and Philipp Koehn},
	title={Neural Interactive Translation Prediction},
	booktitle={Proc. of the Conference of the Association for Machine Translation in the Americas (AMTA) 2016},
	year={2016},
}

@conference{Koehn:2003,
	author={Philipp Koehn and Franz Josef Och and Daniel Marcu},
	title={Statistical Phrase-based Translation},
	booktitle={Proc. of NAACL 2003},
	year={2003},
}

@conference{Koehn:2004a,
	author={Philipp Koehn},
	title={Pharaoh: A Beam Search Decoder for Phrase-based Statistical Machine Translation Models},
	booktitle={ Machine Translation: From real users to research},
	year={2004},
}

@conference{Koehn:2004b,
	author={Philipp Koehn},
	title={Statistical Significance Tests for Machine Translation Evaluation},
	booktitle={Proc. of EMNLP 2004},
	year={2004},
}

@conference{Koehn:2007,
	author={Philipp Koehn and Hieu Hoang and Alexandra Birch and Chris Callison-Burch and Marcello Federico and Nicola Bertoldi and Brooke Cowan and Wade Shen and Christine Moran and Richard Zens and Chris Dyer and Ondrej Bojar and Alexandra Constantin and Evan Herbst},
	title={Moses: Open Source Toolkit for Statistical Machine Translation},
	booktitle={Proc. of ACL 2007},
	year={2007},
}

@article{Koehn:2009a,
	author={Philipp Koehn},
	title={A Process Study of Computer-Aided Translation},
	journal={Machine Translation},
	year={2009},
	volume={23},
	number={4},
	pages={241--263},
}

@conference{Koehn:2009b,
	author={Philipp Koehn},
	title={A Web-based Interactive Computer Aided Translation Tool},
	booktitle={Proc. of the ACL-IJCNLP 2009 Software Demonstrations},
	year={2009},
}

@techreport{Koehn:2012,
	author={Philipp Koehn},
	title={Computer-added Trasnlation},
	booktitle={Machine Translation Marathon},
	year={2012},
}

@conference{Koehn:2010,
	author={Philipp Koehn and Jean Senellart},
	title={Convergence of Translation Memory and Statistical Machine Trasnlation},
	booktitle={Proc. of AMTA Workshop on MT Research and the Translation Industry},
	year={2010},
}

@conference{Koehn:2014,
	author={Philipp Koehn and Chara Tsoukala and Herve Saint-Amand},
	title={Refinements to Interactive Translation Prediction Based on Search Graphs},
	booktitle={Proc. of ACL 2014},
	year={2014},
}

@conference{Komachi:2006,
	author={Mamoru Komachi and Yuji Matsumoto and Masaaki Nagata},
	title={Phrase Reordering for Statistical Machine Translation based on Predicate-argument Structure},
	booktitle={Proc. of IWSLT 2006},
	year={2006},
}

@article{Kostoff:2009,
	author={Ronald N. Kostoff and Joel A. Block and Jeffrey L. Solka and Michael B. Briggs and Robert L. Rushenberg and Jesse A. Stump and Dustin Johnson and Terence J. Lyons and Jeffrey R. Wyatt},
	title={Literature-related Discovery},
	journal={Annual Review of Information Science and Technology},
	year={2009},
	volume={43},
	number={1},
	pages={1--71},
}

@conference{Kozakov:2004,
	author={L Kozakov and Y. Park and T. H. Fin and Y. Drissi and Y N Doganata and T. Cofino},
	title={Glossary Extraction and Knowledge in Large Rrganisations via Semantic Web Technologies},
	booktitle={Proc. of the 6th International Semantic Web Conference and the 2nd Asian Semantic Web Conference},
	year={2004},
}

@conference{Kumar:2005,
	author={Shankar Kumar and William Byrne},
	title={Local Phrase Reordering Models for Statistical Machine Translation},
	booktitle={Proc. of HLT-EMNLP 2005},
	year={2005},
}


@conference{Kupiec:1993,
	author={Julian Kupiec},
	title={An Algorithm for Finding Noun Phrase Correspondences in Bilingual Corpora},
	booktitle={Proc. of ACL 1993},
	year={1993},
}

@conference{Lefever:2009,
	author={Els Lefever and Lieve Macken and and Veronique Hoste},
	title={Language-Independent Bilingual Terminology Extraction from a Multilingual Parallel Corpus},
	booktitle={Proc. of EACL 2009},
	year={2009},
}

@conference{Levenberg:2012,
	author={Abby Levenberg and Chris Dyer and Phil Blunsom},
	title={A Bayesian Model for Learning SCFGs with Discontiguous Rules},
	booktitle={Proc. of EMNLP 2012},
	year={2012},
}

@conference{Liang:2006,
	author={Percy Liang and Alexandre Bouchard-Côté and Dan Klein and Ben Taskar},
	title={An End-to-end Discriminative Approach to Machine Translation},
	booktitle={Proc. of ICCL-ACL 2006},
	year={2006},
}

@conference{LiuGildea:2010,
	author={Ding Liu and Daniel Gildea},
	title={Semantic Role Features for Machine Translation},
	booktitle={Proc. of COLING 2010},
	year={2010},
}

@conference{LiDong:2012,
	author={Dong Li},
	title={A Pinyin Input Method Editor with English-Chinese Aided Translation Function},
	booktitle={Proc. of International Conference on Computer Science and Service System 2012},
	year={2012},
}

@article{LiLijia:2010,
	author={Lijia Li and Feifei Li},
	title={Optimol: Automatic Online Picture Collection via Incremental Model Learning},
	journal={International Journal of Computer Vision},
	year={2010},
	volume={88},
	number={2},
	pages={147--168},
}

@conference{LiChiho:2007,
	author={Chiho Li and Minghui Li and Dongdong Zhang and Mu Li and Ming Zhou and Yi Guan},
	title={A Probabilistic Approach to Syntax-based Reordering for Statistical Machine Translation},
	booktitle={Proc. of ACL 2007},
	year={2007},
}

@conference{LiXiuying:2009,
	author={Xiuying Li and Chao Che and Limin Han and Xiaoxia Liu},
	title={Extracting Historical Terms Based on Aligned Chinese-English Parallel Corpora},
	booktitle={Proc. of 2009 International Conference on Natural Language Processing and Knowledge Engineering},
	year={2009},
}

@conference{LiPeng:2013,
	author={Peng Li and Yang Liu and Maosong Sun},
	title={Recursive Autoencoders for ITB-based Translation},
	booktitle={Proc. of EMNLP 2013},
	year={2013},
}

@conference{LiPeng:2014,
	author={Peng Li and Yang Liu and Maosong Sun and Tatsuya Izuha and Dakun Zhang},
	title={A Neural Reordering Model for Phrase-based Translation},
	booktitle={Proc. of COLING 2014},
	year={2014},
}

@conference{LiXiaoqing,
	author={ Xiaoqing Li and Jiajun Zhang and Chengqing Zong},
	title={Towards Zero Unknown Word in Neural Machine Translation},
	booktitle={Proc. of IJCAI 2016},
	year={2016},
}

@conference{LiuYang:2006,
	author={Yang Liu and Qun Liu and Shouxun Lin},
	title={Tree-to-String Alignment template for Statistical Machine Translation},
	booktitle={Proc. of ICCL-ACL 2006},
	year={2006},
}

@conference{LiuYang:2007,
	author={Yang Liu and Yun Huang and Qun Liu and Shouxun Lin},
	title={Forest-to-String Statistical Translation Rules},
	booktitle={Proc. of ACL 2007},
	year={2007},
}

@conference{LiuQun:2008,
	author={Qun Liu and Zhongjun He and Yang Liu and Shouxun Lin},
	title={Maximum Entropy Based Rule Selection Model for Syntax-based Statistical Machine Translation},
	booktitle={Proc. of EMNLP 2008},
	year={2008},
}

@conference{LiuYang:2009,
	author={Yang Liu and Yajuan Lv and Qun Liu},
	title={Improving Tree-to-Tree Translation with Packed Forests},
	booktitle={Proc. of ACL-IJCNLP 2009},
	year={2009},
}

@article{LiuYang:2010,
	author={Yang Liu and Qun Liu and Shouxun Lin},
	title={Discriminative Word Alignment by Linear Modeling},
	journal={Computational Linguistics},
	year={2010},
	volume={35},
	number={3},
	pages={303--339},
}

@conference{Marcu:2002,
	author={Daniel Marcu and William Wong},
	title={A Phrase-based, Joint Probability Model for Statistical Machine Translation},
	booktitle={Proc. of ACL 2002},
	year={2002},
}

@conference{Manning:2003,
	author={Christopher Manning and Dan Klein},
	title={Optimization, Maxent Models, and Conditional Estimation without Magic},
	booktitle={Tutorial at HLT-NAACL-ACL 2003},
	year={2003},
}

@conference{Marcu:2006,
	author={Daniel Marcu and Wei Wang and Abdessamad Echihabi and Kevin Knight},
	title={SPMT: Statistical Machine Translation with Syntactified Target Langauge Phrases},
	booktitle={Proc. of EMNLP 2006},
	year={2006},
}

@conference{Martins:2010,
	author={André F. T. Martins and Noah A. Smith and Eric P. Xing and Pedro M. Q. Aguiar and Mário A},
	title={Argmenting Dual Decomposition for Map Inference},
	booktitle={Proc. of Internatioan Workshop on Optimization for Machine Learning 2010},
	year={2010},
}

@conference{Martins:2011,
	author={André F. T. Martins and Noah A. Smith and Pedro M. Q. Aguiar and Mário A. T. Figueiredo},
	title={Dual Decomposition with Many Overlapping Components},
	booktitle={Proc. of EMNLP 2011},
	year={2011},
}

@conference{Mccarley:2011,
	author={J. Scott Mccarley and Abraham Ittycheriah and Salim Roukous and Bing Xiang and Nad Jianming Xu},
	title={A Correction Model for Word Alignments},
	booktitle={Proc. of EMNLP 2011},
	year={2011},
}

@conference{Medelyan:2006,
	author={Olena Medelyan and Ian H. Witten},
	title={Thesaurus Based Automatic Keyphrase Indexing},
	booktitle={Proc. of the ACM/IEEE-CS Joint Conference on Digital Libraries 2006},
	year={2006},
}

@conference{Mi:2008,
	author={Haitao Mi and Liang Huang},
	title={Forest-based Translation Rule Extraction},
	booktitle={Proc. of EMNLP 2008},
	year={2008},
}

@conference{Moorkens:2015,
	author={Joss Moorkens and Sharon O’Brien},
	title={Post-editing Evaluations: Trade-offs between Novice and Professional Participants},
	booktitle={Proc. of European Association for Machine Translation (EAMT)},
	year={2015},
}

@conference{Nagao:1984,
	author={Makoto Nagao},
	title={A Framework of a Mechanical Translation between Japanese and English by Aanalogy Principle},
	booktitle={Artifical and Human Intelligence: Edited Review Papers Presented at the International NATO Symposium on Artificial and Human Intellignce 1984},
	year={1984},
}

@conference{Nepveu:2004,
	author={Laurent Nepveu and Guy Lapalme and Philippe Langlais and George F. Foster},
	title={Adaptive Language and Translation Models for Interactive Machine Translation},
	booktitle={Proc. of EMNLP 2004},
	year={2004},
}

@conference{Neubig:2011,
	author={Graham Neubig and Taro Watanabe and Eiichiro Sumita and Shinsuke Mori and Tatsuya Kawahara},
	title={An Unsupervised Model for Joint Phrase Alignment and Extraction},
	booktitle={Proc. of ACL 2011},
	year={2011},
}

@conference{Och:2003a,
	author={Franz Josef Och},
	title={Minimum Error Rate Training in Statistical Machine Translation},
	booktitle={Proc. of ACL 2003},
	year={2003},
}

@conference{Och:2000,
	author={Franz Josef Och and Hermann Ney},
	title={Improved Statistical Alignment Models},
	booktitle={Proc. of ACL 2000},
	year={2000},
}

@conference{Och:2002,
	author={Franz Josef Och and Hermann Ney},
	title={Discriminative Training and Maximum Entropy Models for Statistical Machine Translation},
	booktitle={Proc. of ACL 2002},
	year={2002},
}

@article{Och:2003b,
	author={Franz Josef Och and Hermann Ney},
	title={A Systematic Comparison of Various Statistical Alignment Models},
	journal={Computational Linguistics},
	year={2003},
	volume={29},
	number={1},
	pages={19--51},
}

@conference{Och:1999,
	author={Franz Josef Och and Christoph Tillmann and Hermann Ney},
	title={Improved Alignment Models for Statistical Machine Translation},
	booktitle={Proc. of the Joint SIGDAT Conference on Empirical Methods in Natural Language Processing and Very Large Corpora},
	year={1999},
}

@conference{Ortiz-Martinez:2010,
	author={Daniel Ortiz-Martínez and Ismael García-Varea and Francisco Casacuberta},
	title={Online learning for interactive statistical machine translation},
	booktitle={Proc. of NAACL 2010},
	year={2010},
}

@conference{Oza:2005,
	author={Nikunj C. Oza},
	title={Online Bagging and Boosting},
	booktitle={Proc. of IEEE International Conference on Systems, Man and Cybernetics 2005},
	year={2005},
}

@conference{Park:2002,
	author={Youngia Park and Roy J Byrd and Branimir K Boguraev},
	title={Automatic Glossary Extraction: Beyond Terminology Identification},
	booktitle={Proc. of COLING 2002},
	year={2002},
}

@conference{Ren:2010,
	author={Feiliang Ren and Jingbo Zhu and Huizhen Wang},
	title={Web-based Technical Term Translation Pairs Mining for Patent Document Translation},
	booktitle={Proc. of the 6th International Conference on Natural Language Processing and Knowledge Engineering (NLP-KE 2010)},
	year={2010},
}

@conference{Riedel:2011,
	author={Sebastian Riedel and Andrew McCallum},
	title={Fast and Robust Joint Models for Biomedical Event Extraction},
	booktitle={Proc. of EMNLP 2011},
	year={2011},
}

@conference{Saffari:2009,
	author={A. Saffari and C. Leistner and J. Santner and M. Godec and H. Bischof},
	title={On-line Random Forests},
	booktitle={Proc. of IEEE International Conference on Computer Vision Workshops 2009},
	year={2009},
}

@conference{Sato:1990,
	author={Satoshi Sato and Makoto Nagao},
	title={Toward Memory--based Translatio},
	booktitle={Proc. of ACL 1990},
	year={1990},
}

@conference{Sclano:2007,
	author={F. Sclano and P. Velardi},
	title={TermExtractor: A Web Application to Learn the Shared Terminology of Emergent Web Communities},
	booktitle={Proc. of the 3rd International Conference on Interoperability for Enterprise Software and Applications (I-ESA 2007)},
	year={2007},
}

@conference{Shen:2016,
	author={Shiqi Shen and Yong Cheng and Zhongjun He and Wei He and Hua Wu and Maosong Sun and Yang Liu},
	title={Minimum Risk Training for Neural Machine Translation},
	booktitle={Proc. of ACL 2016},
	year={2016},
}

@conference{Shen:2008,
	author={Libin Shen and Jinxi Xu and Ralph Weischedel},
	title={A New String-to-dependency Machine Translation Algorithm with a Target Dependency Language Model},
	booktitle={Proc. of ACL 2008},
	year={2008},
}

@conference{Simard:2009,
	author={Michel Simard and Pierre Isabelle},
	title={Phrase-based Machine Translation in a Computer-assisted Translation Environment},
	booktitle={Proc. of the Twelfth Machine Translation Summit (MT Summit XII)},
	year={2009},
}

@conference{Simard:2013,
	author={Michel Simard and George Foster},
	title={PEPr: Post-edit Propagation Using Phrase-based Statistical Machine Translation},
	booktitle={Proc. of the XIV Machine Translation Summit 2013},
	year={2013},
}

@conference{Smith:2009,
	author={James Smith and Stephen Clark},
	title={EBMT for SMT: A New EBMT-SMT hybrid},
	booktitle={Proc. of the 3rd International Workshop on Example-based Machine Translation (EBMT 2009)},
	year={2009},
}

@conference{Snover:2006,
	author={Matthew Snover and Bonnie JDorr and Richard Schwartz and Linnea Micciulla and John Makhoul},
	title={A Study of Translation Edit Rate with Targeted Human Annotation},
	booktitle={Proc. of the Association for Machine Translation in the Americas 2006},
	year={2006},
}

@article{Somers:2004,
	author={Harold Somers and Gabriela Fernandez Diaz},
	title={Translation Memory vs. Example-based MT: What is the Difference},
	journal={International Journal of Translaton},
	year={2004},
	volume={16},
	number={2},
	pages={5--33},
}

@conference{Stolcke:2002,
	author={Andreas Stolcke},
	title={SRILM - An Extensible Language Modeling Toolkit},
	booktitle={Proc. of ICSLP 2002},
	year={2002},
}

@conference{Su:1995,
	author={Keh-Yih Su and Jingshin Chang and Yuling Una Hsu},
	title={A Corpus-based Statistics-oriented Two-way Desing for Parameterized MT systems: Rationale, Architecture and Training Issues},
	booktitle={Proc. of TMI 1995},
	year={1995},
}

@conference{Sutskever:2014,
	author={Ilya Sutskever and Oriol Vinyals and Quoc V. Le},
	title={Sequence to Sequence Learning with Neural Networks},
	booktitle={Proc. of NIPS 2014},
	year={2014},
}

@conference{Tamura:2014,
	author={Akihiro Tamura and Taro Watanabe and Eiichro Sumita},
	title={Recurrent Neural Networks for Word Alignment Model},
	booktitle={Proc. of ACL 2014},
	year={2014},
}

@article{Thicke:2013,
	author={Lori Thicke},
	title={Post-editor Shortage and MT},
	journal={Multi Lingual},
	year={2013},
	number={January/February 2014},
	pages={42-44},
}

@conference{Tillmann:2004,
	author={Christoph Tillman},
	title={A Unigram Orientation Model for Statistical Machine Translation},
	booktitle={Proc. of HLT-NAACL 2004},
	year={2004},
}

@conference{TuMei:2013,
	author={Mei Tu and Yu Zhou and Chengqing Zong},
	title={A Novel Translation Framework Based on Rhetorical Structure Theory},
	booktitle={Proc. of ACL 2013},
	year={2013},
}

@conference{TuMei:2014,
	author={Mei Tu and Yu Zhou and Chengqing Zong},
	title={Enhancing Grammatical Cohesion: Generatting Transitional Expressions for SMT},
	booktitle={Proc. of ACL 2014},
	year={2014},
}

@conference{TuZhaopeng:2016,
	author={Zhaopeng Tu and Zhengdong Lu and Yang Liu and Xiaohua Liu and Hang Li},
	title={Modeling Coverage for Neural Machine Translation},
	booktitle={Proc. of ACL 2016},
	year={2016},
}

@article{Utgoff:1997,
	author={Paul E Utgoff and Neil C Berkman and Jeffery A Clouse},
	title={Decision Tree Induction Based on Efficient Tree Restructuring},
	journal={Machine Learing},
	year={1997},
	volume={29},
	number={1},
	pages={5--44},
}

@conference{Vaswani:2013,
	author={Ashish Vaswani and Yinggong Zhao and Victoria Fossum and David Chiang},
	title={Decoding with Large-scale Neural Language Models Improves Translation},
	booktitle={Proc. of EMNLP 2013},
	year={2013},
}

@article{Vintar:2001,
	author={Spela Vintar},
	title={Using Parallel Corpora for Translation-Oriented Term Extraction},
	journal={Babel},
	year={2001},
	volume={47},
	number={2},
	pages={121--132},
}

@conference{Vogel:1996,
	author={Stephan Vogel and Hermann Ney and Christoph Tillmann},
	title={HMM-Based Word Alignment in Statistical Translation},
	booktitle={Proc. of the 16th conference on Computational linguistics},
	year={1996},
}

@article{Wagner:1985,
	author={Elizaberth Wagner},
	title={Post-editing SYSTRAN, a challenge for commission translators},
	journal={Terminologie et traduction},
	year={1985},
	volume={3},
	pages={1--7},
}

@conference{Wang:1998,
	author={Yeyi Wang and Alex Waibel},
	title={Modeling with Structures in Statistical Machine Translatoin},
	booktitle={Proc. of ACL-ICCL 1998},
	year={1998},
}

@conference{Wang:2007,
	author={Chao Wang and Michael Collins and Philipp Koehn},
	title={Chinese Syntactic Reordering for Statistical Machine Translation},
	booktitle={Proc. of EMNLP-CoNLL 2007},
	year={2007},
}

@conference{Wang:2013a,
	author={Mengqiu Wang and Wanxiang Che and Christoper D. Manning},
	title={Joint word alignment and bilingual named entity recognition using dual decomposition},
	booktitle={Proc. of ACL 2013},
	year={2013},
}

@conference{Wang:2013b,
	author={Kun Wang and Chengqing Zong and Keh-Yih Su},
	title={Integrating Translation Memory into Phrase-Based Machine Translation during Decoding},
	booktitle={Proc. of ACL 2013},
	year={2013b},
}

@conference{Wermter:2005,
	author={Joachim Wermter and Udo Hahn},
	title={Finding New Terminology in Very Large Corpora},
	booktitle={Proc. of the 3rd International Conference on Knowledge Capture},
	year={2005},
}

@article{Wu:1997,
	author={Dekai Wu},
	title={Stochastic Inversion Transduction Grammars and Bilingual Parsing of Parallel Corpora},
	journal={Computational Linguistics},
	year={1997},
	volume={23},
	number={3},
	pages={377--403},
}

@conference{Wu:2009,
	author={Dekai Wu and Pascale Fung},
	title={Semantic Roles for SMT: A Hybrid Two-pass Model},
	booktitle={Proc. of HLT-NAACL 2009},
	year={2009},
}

@conference{Wu:2011,
	author={Xianchao Wu and Katsuhito Sudoh and Kevin Duh and Hajime Tsukada and Masaaki Nagata},
	title={Extracting Pre-Ordering Rules from Predicate-Argument Structures},
	booktitle={Proc. of IJCNLP 2011},
	year={2011},
}

@conference{Wuebker:2015,
	author={Joern Wuebker and Spence Green and John DeNero},
	title={Hierarchical Incremental Adaptation for Statistical Machine Translation},
	booktitle={Proc. of EMNLP 2015},
	year={2015},
}

@conference{Xiong:2006,
	author={Deyi Xiong and Qun Liu and Shouxun Lin},
	title={Maximum Entropy Based Phrase Reordering Model for Statistical Machine Translation},
	booktitle={Proc. of COLING-ACL 2006},
	year={2006},
}

@conference{Xiong:2008,
	author={Deyi Xiong and Min Zhang and Aiti Aw and Haizhou Li},
	title={Linguistically Annotated BTG for Statistical Machine Translation},
	booktitle={Proc. of COLING 2008},
	year={2008},
}

@conference{Xiong:2012,
	author={Deyi Xiong and Min Zhang and Haizhou Li},
	title={Modeling the Translation of Predicate-Argument Structure for SMT},
	booktitle={Proc. of ACL 2012},
	year={2012},
}

@conference{Xu:2004,
	author={Peng Xu and Frederick Jelined},
	title={Random Forests in Language Modeling},
	booktitle={Proc. of EMNLP 2004},
	year={2004},
}

@conference{Yamada:2001,
	author={Kenji Yamada and Kevin Knight},
	title={A Syntax-based Statistical Translation Model},
	booktitle={Proc. of ACL 2001},
	year={2001},
}

@conference{Yamada:2002,
	author={Kenji Yamada and Kevin Knight},
	title={A Decoder for Syntax-based Statistical MT},
	booktitle={Proc. of ACL 2002},
	year={2002},
}

@conference{Yang:2013,
	author={Nan Yang and Shujie Liu and Mu Li and Ming Zhou and Nenghai Yu},
	title={Word Alignment Modeling with Context Dependent Deep Neural Network},
	booktitle={Proc. Of ACL 2013},
	year={2013},
}

@article{Younger:1967,
	author={Daniel H Younger},
	title={Recognition and Parsing of Context-free Languages in Time n3},
	journal={Information and control},
	year={1967},
	volume={10},
	number={2},
	pages={189--208},
}

@conference{Yu:2013,
	author={Heng Yu and Liang Huang and Haitao Mi and Kai Zhao},
	title={Max-violation Perceptron and Forced Decoding for Scalable MT Training},
	booktitle={Proc. of EMNLP 2013},
	year={2013},
}

@article{Zaidan:2009,
	author={Omar F. Zaidan},
	title={Z-MERT: A Fully Configurable Open Source Tool for Minimum Error Rate Training of Machine Translation Systems},
	journal={The Prague Bulletin of Mathematical Linguistics},
	year={2009},
	volume={91},
	pages={79--88},
}

@conference{Zhai:2012,
	author={Feifei Zhai and Jiajun Zhang and Yu Zhou and Chengqing Zong},
	title={Machine Translation by Modeling Predicate-argument Structure Transformation},
	booktitle={Proc. of COLING 2012},
	year={2012},
}

@conference{Zhang:2003,
	author={ Ying Zhang and Stephan Vogel and Alex Waibel},
	title={Integrated Phrase Segmentation and Alignment Model for Statistical Machine Translation},
	booktitle={Proc. of NLP-KE 2003},
	year={2003},
}

@conference{Zhang:2007,
	author={Dongdong Zhang and Mu Li and Chiho Li and Ming Zhou},
	title={Phrase reordering Model Integrating Syntactic Knowledge for SMT},
	booktitle={Proc. of EMNLP-CoNLL 2007},
	year={2007},
}

@conference{Zhang:2008a,
	author={Ziqi Zhang and J. Iria and Christopher Brewster},
	title={A Comparative Evaluation of Term Recognition Algorithms},
	booktitle={Proc. of LREC 2008},
	year={2008},
}

@conference{Zhang:2008b,
	author={Min Zhang and Hongfei Jiang and Aiti Aw and Haizhou Li and Chew Lim Tan and Sheng Li},
	title={A Tree Sequence Alignment-based Tree-to-Tree Translation Model},
	booktitle={Proc. of ACL 2008},
	year={2008},
}

@conference{Zhang:2008c,
	author={Hao Zhang and Chris Quirk and Robert C. Moore and Daniel Gildea},
	title={Bayesian learning of non-compositional phrases with synchronous parsing},
	booktitle={Proc. of ACL 2008},
	year={2008},
}

@conference{Zhang:2009,
	author={Jiajun Zhang and Chengqing Zong},
	title={A Framework for Effectively Integrating Hard and Soft Syntactic Rule into Phrase Based Translation},
	booktitle={Proc. of PACLIC 2009},
	year={2009},
}

@article{Zhang:2013,
	author={Jiajun Zhang and Chengqing Zong},
	title={2013},
	journal={A Unified Approach for Effectively Integrating Source-side Syntactic Reordering Rules into Phrase-based Translation},
	year={Language Resources and Evaluation},
	volume={47},
	number={2},
	pages={449--474},
}

@conference{Zhang:2014a,
	author={Jiajun Zhang and Shujie Liu and Mu Li and Ming Zhou and Chengqing Zong},
	title={Bilingually-constrained Phrase Embeddings for Machine Translation},
	booktitle={Proc. of ACL 2014},
	year={2014},
}

@conference{Zhang:2014b,
	author={Jiajun Zhang and Shujie Liu and Mu Li and Ming Zhou and Chengqing Zong},
	title={Mind the Gap: Machine Translation by Minimizing the Semantic Gap in Embedding Space},
	booktitle={Proc. of AAAI 2014},
	year={2014},
}

@article{Zhang:2015,
	author={Jiajun Zhang and Chengqing Zong},
	title={Deep Neural Networks in Machine Translation: An Overview},
	journal={IEEE Intelligent Systems},
	year={2015},
	volume={30},
	number={5},
	pages={16--25},
}

@conference{ZhaoBing:2002,
	author={Bing Zhao and Stephan Vogel},
	title={Adaptive Parallel Sentences Mining from Web Bilingual News Collection},
	booktitle={Proc. of IEEE International Conference on Data Mining 2002},
	year={2002},
}

@conference{Zhechev:2012,
	author={Ventsislav Zhechev},
	title={Machine Translation Infrastructure and Post-Editing Performance at Autodesk},
	booktitle={Proc. of WPTP 2012},
	year={2012},
}

@conference{Zhechev:2010,
	author={Ventsislav Zhechev and Josel Van Genabith},
	title={Seeding Statistical Machine Translation with Translation Memory Output Through Tree-based Structureal Alignment},
	booktitle={Proc. of the 4th Workshop on Syntax and Structure in Statistical Transaltion},
	year={2010},
}

@conference{Zhou:2008,
	author={Zili Zhou and Yanna Wang and Junzhong Gu},
	title={Markov-Based Automatic Term Extraction},
	booktitle={In Future BioMedical Information Engineering 2008},
	year={2008},
}

@conference{Zens:2003,
	author={Richard Zens and Hermann Ney},
	title={A Comparative Study on Reordering constraints in Statistical Machine Translation},
	booktitle={Proc. of ACL 2004},
	year={2003},
}

@conference{Zou:2013,
	author={Will Y. Zou and Richard Socher and Daniel Cer and Christopher D. Manning},
	title={Bilingual Word Embeddings for Phrase-based Machine Translation},
	booktitle={Proc. of EMNLP 2013},
	year={2013},
}

@book{chen:1997,
	author={陈原},
	title={汉字语言文字信息处理},
	year={1997},
	address={上海},
	publisher={上海教育出版社},
}

@mastersthesis{fang:2013,
	author={方瑞玉},
	title={基于输入法的辅助翻译工具研究和实现},
	year={2013},
	address={福建},
	school={厦门大学},
}

@article{feng:1984,
	author={冯志伟},
	title={汉字的熵},
	journal={文字改革},
	year={1984},
	number={04},
	pages={12--17},
}

@mastersthesis{lidong:2006,
	author={李栋},
	title={一种具有英译辅助翻译功能的拼音输入法},
	year={2006},
	address={福建},
	school={厦门大学},
}

@phdthesis{liuyangphd:2007,
	author={刘洋},
	title={树到串统计翻译模型研究},
	year={2007},
	address={北京},
	school={清华大学},
}

@phdthesis{mihaitao:2009,
	author={米海涛},
	title={容错统计机器翻译关键技术研究},
	year={2009},
	address={北京},
	school={中国科学院计算技术研究所},
}

@phdthesis{wangkun:2013,
	author={汪昆},
	title={融合翻译记忆的统计机器翻译方法研究},
	year={2013},
	address={北京},
	school={中国科学院自动化研究所},
}

@book{wujun:2012,
	author={吴军},
	title={数学之美},
	year={2012},
	address={北京},
	publisher={人民邮电出版社},
}

@phdthesis{zhangjiajun:2011,
	author={张家俊},
	title={融合源语言句法知识的统计机器翻译方法研究},
	year={2011},
	address={北京},
	school={中国科学院自动化研究所},
}

@techreport{zhangzong:2013,
	author={张家俊 and 宗成庆},
	title={机器翻译研究进展与趋势},
	booktitle={2012年度中国计算机科学技术年度报告B卷},
	year={2013},
	address={北京},
	publisher={机械工业出版社},
}

@book{zong:2013,
	author={宗成庆},
	title={统计自然语言处理（第2版）},
	year={2013},
	address={北京},
	publisher={清华大学出版社},
}
